<?xml version="1.0" encoding="UTF-8"?><record xmlns="http://www.loc.gov/MARC21/slim" xmlns:cinclude="http://apache.org/cocoon/include/1.0" xmlns:zs="http://www.loc.gov/zing/srw/">
  <leader>00586cz  a2200181n  4500</leader>
  <controlfield tag="001">n  86113437 </controlfield>
  <controlfield tag="003">DLC</controlfield>
  <controlfield tag="005">20100516081524.0</controlfield>
  <controlfield tag="008">871211n| acannaabn          |n ana      </controlfield>
  <datafield tag="010" ind1=" " ind2=" ">
    <subfield code="a">n  86113437 </subfield>
  </datafield>
  <datafield tag="034" ind1=" " ind2=" ">
    <subfield code="d">E0263800</subfield>
    <subfield code="e">E0263800</subfield>
    <subfield code="f">N0615900</subfield>
    <subfield code="g">N0615900</subfield>
    <subfield code="2">other</subfield>
  </datafield>
  <datafield tag="035" ind1=" " ind2=" ">
    <subfield code="a">(OCoLC)oca01998422</subfield>
  </datafield>
  <datafield tag="040" ind1=" " ind2=" ">
    <subfield code="a">DLC</subfield>
    <subfield code="b">eng</subfield>
    <subfield code="c">DLC</subfield>
    <subfield code="d">DLC</subfield>
    <subfield code="d">OCoLC</subfield>
  </datafield>
  <datafield tag="043" ind1=" " ind2=" ">
    <subfield code="a">e-fi---</subfield>
  </datafield>
  <datafield tag="151" ind1=" " ind2=" ">
    <subfield code="a">Kangasniemi (Finland)</subfield>
  </datafield>
  <datafield tag="670" ind1=" " ind2=" ">
    <subfield code="a">Kärkkäinen, O. Kunnan kummit ja karhukoplat, 1986:</subfield>
    <subfield code="b">pref. (Kangasniemen ...)</subfield>
  </datafield>
  <datafield tag="670" ind1=" " ind2=" ">
    <subfield code="a">BGN gaz., 1962</subfield>
    <subfield code="b">(Kangasniemi, ppl, 61°59ʹN, 26°38ʹE)</subfield>
  </datafield>
  <datafield tag="781" ind1=" " ind2="0">
    <subfield code="z">Finland</subfield>
    <subfield code="z">Kangasniemi</subfield>
  </datafield>
</record>